<?xml version="1.0" encoding="UTF-8"?><record xmlns="http://www.loc.gov/MARC21/slim" xmlns:cinclude="http://apache.org/cocoon/include/1.0" xmlns:zs="http://www.loc.gov/zing/srw/">
  <leader>00487nz  a2200121n  4500</leader>
  <controlfield tag="001">n  83046941 </controlfield>
  <controlfield tag="003">DLC</controlfield>
  <controlfield tag="005">19840322000000.0</controlfield>
  <controlfield tag="008">830105n| acannaab|          |n ana |||  </controlfield>
  <datafield tag="010" ind1=" " ind2=" ">
    <subfield code="a">n  83046941 </subfield>
  </datafield>
  <datafield tag="040" ind1=" " ind2=" ">
    <subfield code="a">DLC</subfield>
    <subfield code="c">DLC</subfield>
  </datafield>
  <datafield tag="110" ind1="2" ind2="0">
    <subfield code="a">Música Ibérica (Musical group)</subfield>
  </datafield>
  <datafield tag="670" ind1=" " ind2=" ">
    <subfield code="a">Alfonso X, King of Castile and Leon. Cantigas de Santa María, [SR] 1979 (a.e.)</subfield>
    <subfield code="b">label (Música Ibérica; Dutch vocal and instrumental ensemble specializing in early Spanish music; Nelly van Ree Bernard, director)</subfield>
  </datafield>
</record>